@Inproceedings{dropbayes,
 author = {Gal, Yarin and Ghahramani, Zoubin},
 title = {Dropout As a Bayesian Approximation: Representing Model Uncertainty in Deep Learning},
 booktitle = {Proceedings of the 33rd International Conference on International Conference on Machine Learning - Volume 48},
 series = {ICML'16},
 year = {2016},
 location = {New York, NY, USA},
 pages = {1050--1059},
 numpages = {10},
 url = {http://dl.acm.org/citation.cfm?id=3045390.3045502},
 acmid = {3045502},
 publisher = {JMLR.org},
} 

@Book{dlbook,
    title={Deep Learning},
    author={Ian Goodfellow and Yoshua Bengio and Aaron Courville},
    publisher={MIT Press},
    note={\url{http://www.deeplearningbook.org}},
    year={2016}
}

@Inproceedings{ubertime,
  title={Time-series Extreme Event Forecasting with Neural Networks at Uber},
  author={Nikolay Laptev and Jason Yosinski and Li Erran Li and Slawek Smyl},
  year={2017}
}

@Book{bayesml,
author = {Barber, D.},
title= {{Bayesian Reasoning and Machine Learning}},
publisher = {{Cambridge University Press}},
year = 2012
}
